@book{kokaly:splib7,
    author  = {Kokaly, R.F. et al.},
    title   = {USGS Spectral Library Version 7: U.S. Geological Survey Data Series 1035},
    publisher = {USGS},
    year    = {2017},
    url    = {https://doi.org/10.3133/ds1035}
}

@book{daume:a-course-in-machine-learning,
    author  = {Hal III Daum√©},
    title   = {A Course in Machine Learning},
    year    = {2017},
    url     = {http://ciml.info/}
}

@book{zhang:crop-classification,
    author  = {Jingcheng, Zhang et al.},
    title   = {Machine Learning-Based Spectral Library for Crop Classification and Status Monitoring},
    publisher = {MDPI},
    year    = {2019}
}

@online{site:scikit-learn,
    title   = {Scikit-learn},
    url     = {https://scikit-learn.org/}
}

@online{site:pytorch,
    title   = {Pytorch},
    url     = {https://pytorch.org/}
}

@online{site:matlab,
    title   = {Mathworks},
    url     = {https://mathworks.com/}
}

@online{site:uml,
    title   = {UML},
    url     = {https://www.uml.org/}
}

@online{site:javadoc,
    title   = {Oracle},
    url     = {https://docs.oracle.com/en/java/javase/11/docs/api/index.html}
}

@online{site:python-docs,
    title   = {Python docs},
    url     = {https://docs.python.org/3/}
}

@online{site:matplotlib,
    title   = {Matplotlib},
    url     = {https://matplotlib.org/}
}